<?xml version="1.0" encoding="UTF-8"?><record xmlns="http://www.loc.gov/MARC21/slim" xmlns:cinclude="http://apache.org/cocoon/include/1.0" xmlns:zs="http://www.loc.gov/zing/srw/">
  <leader>00309nz  a2200121n  4500</leader>
  <controlfield tag="001">n  95013565 </controlfield>
  <controlfield tag="003">DLC</controlfield>
  <controlfield tag="005">19950210074350.7</controlfield>
  <controlfield tag="008">950210n| acannaab|          |n aaa |||  </controlfield>
  <datafield tag="010" ind1=" " ind2=" ">
    <subfield code="a">n  95013565 </subfield>
  </datafield>
  <datafield tag="040" ind1=" " ind2=" ">
    <subfield code="a">DLC</subfield>
    <subfield code="c">DLC</subfield>
  </datafield>
  <datafield tag="100" ind1="1" ind2="0">
    <subfield code="a">Girijotas, Jonas</subfield>
  </datafield>
  <datafield tag="670" ind1=" " ind2=" ">
    <subfield code="a">LietuvisĚkos dainos, 1975:</subfield>
    <subfield code="b">container (Jonas Girijotas)</subfield>
  </datafield>
</record>